@online{muller1993240,
    author = "Müller, Urban",
    title = "240 byte compiler. Fun, with src.",
    url = "http://aminet.net/package/dev/lang/brainfuck-2",
    month = "6",
    year = "1993",
    urldate = {2013-11-03}
}

@online{muller1993aminet,
    author = "Müller, Urban",
    title = "Aminet hits 5000 files",
    url = "http://main.aminet.net/docs/misc/5000.txt",
    month = "9",
    year = "1993"
}

@article{perlis1982epigrams,
    title={Epigrams on programming},
    author={Perlis, Alan Jay},
    journal={ACM SIGPLAN Notices},
    volume={17},
    number={9},
    pages={7--13},
    month={11},
    year={1982},
    publisher={ACM}
}

@article{bohm1964family,
    title={On a family of Turing machines and the related programming language},
    author={Böhm, Corrado},
    journal={ICC Bull},
    volume={3},
    number={3},
    pages={187--194},
    year={1964}
}

@article{turing1937computable,
    author = {Turing, Alan Mathison},
    title = {On Computable Numbers, with an Application to the Entscheidungsproblem},
    volume = {s2-42},
    number = {1},
    pages = {230-265},
    year = {1937},
    journal = {Proceedings of the London Mathematical Society}
}

@online{pressey2005chris,
    author = "Pressey, Chris",
    title = "Chris Pressey --- Esolang",
    url = "http://esolangs.org/w/index.php?title=Chris_Pressey&oldid=1358",
    month = "6",
    year = "2005",
}

@online{esolang,
    author = "Esolang authors",
    title = "Esolang, the esoteric programming languages wiki",
    url = "http://esolangs.org/wiki/Main_Page",
}

@online{inte1999entry,
    author = "INT-E (nickname)",
    title = "Entry for the hugi size coding competition \#6",
    url = "https://www.scene.org/file.php?file=/mags/hugi/compos/hc6final.zip",
    month = "4",
    year = "1999",
}

@online{cristofani-universal,
    author = "Cristofani, Daniel B.",
    title = "A universal Turing machine in Brainfuck",
    url = "http://www.hevanet.com/cristofd/brainfuck/utm.b",
}

@article{rogozhin1996small,
  title={Small universal Turing machines},
  author={Rogozhin, Yurii},
  journal={Theoretical Computer Science},
  volume={168},
  number={2},
  pages={215--240},
  year={1996},
  publisher={Elsevier}
}
